@BOOK{gen1972,
  AUTHOR =       {Genette, Gérard},
  TITLE =        {Figure III},
  PUBLISHER =    {Seuil},
  YEAR =         {1972},
  address =      {Paris},
keywords = {litteraire}
}


@BOOK{schaeffer99,
  AUTHOR =       {Schaeffer, Jean-Marie},
  TITLE =        {Pourquoi la fiction~?},
  PUBLISHER =    {Seuil},
  YEAR =         {1999},
  address =      {Paris},
    keywords = {litteraire}
}


@book{caillois1,
	address = {Paris},
	title = {Les jeux et les hommes},
	publisher = {Gallimard},
	author = {Caillois, Roger},
	year = {1991},
keywords = {jeu}
}

@incollection{jenkins2004,
	address = {Cambridge},
	publisher = {MIT Press},
     editor =      {Pat Harrigan and Noah Wardrip-Fruin},
	title = {Game Design as Narrative Architecture},
	url = {http://interactive.usc.edu/blog-old/wp-content/uploads/2011/01/Jenkins_Narrative_Architecture.pdf},
	booktitle = {First Person~: new media as story, performance, and game},
	author = {Jenkins, Henry},
	year = {2004},
  keywords = {pratique}
}

@book{hui,
	author = {Huizinga, Johan},
	title = {Homo Ludens. Essai sur la fonction sociale du jeu},
	address = {Paris},
	publisher = {Gallimard},
	year = {1951 [1938]},
  keywords = {jeu}
}


